
@inproceedings{css,
author = {W3C},
title = {Cascading Style Sheets},
url = {http://www.w3.org/Style/CSS/}
}

@inproceedings{size,
author = {Luke Wroblewski},
title = {Data Monday: Mobile, Responsive Design, \& Web Page Sizes},
year = {February 4, 2013},
url = {http://www.lukew.com/ff/entry.asp?1681}
}

@inproceedings{min,
author = {Rob Schreiber and Nikola MilosavljeviÄ‡ and Alina Ene},
title = {Solving the Minimum Biclique Cover Problem in Practice},
url = {http://web.engr.illinois.edu/~ene1/talks/mbc-hp.pdf},
book = {HP Labs},
year = {2007}
}

@misc{orlin,
author = {James Orlin},
title = {Contentment in graph theory: covering graphs with cliques},
year = {1977}
}